@article{pak2018empirical,
  title={An Empirical Study on Software Defect Prediction Using Over-Sampling by SMOTE},
  author={Pak, Cholmyong and Wang, Tian Tian and Su, Xiao Hong},
  journal={International Journal of Software Engineering and Knowledge Engineering},
  volume={28},
  number={06},
  pages={811--830},
  year={2018},
  publisher={World Scientific}
}

@article{yu2017improving,
  title={Improving Cross-Company Defect Prediction with Data Filtering},
  author={Yu, Xiao and Liu, Jin and Peng, Weiqiang and Peng, Xingyu},
  journal={International Journal of Software Engineering and Knowledge Engineering},
  volume={27},
  number={09n10},
  pages={1427--1438},
  year={2017},
  publisher={World Scientific}
}

@inproceedings{nguyen2013statistical,
  title={A statistical semantic language model for source code},
  author={Nguyen, Tung Thanh and Nguyen, Anh Tuan and Nguyen, Hoan Anh and Nguyen, Tien N},
  booktitle={Proceedings of the 2013 9th Joint Meeting on Foundations of Software Engineering},
  pages={532--542},
  year={2013},
  organization={ACM}
}

@inproceedings{white2015toward,
  title={Toward deep learning software repositories},
  author={White, Martin and Vendome, Christopher and Linares-V{\'a}squez, Mario and Poshyvanyk, Denys},
  booktitle={Proceedings of the 12th Working Conference on Mining Software Repositories},
  pages={334--345},
  year={2015},
  organization={IEEE Press}
}
