@article{fan2019software,
  title={Software Defect Prediction via Attention-Based Recurrent Neural Network},
  author={Fan, Guisheng and Diao, Xuyang and Yu, Huiqun and Yang, Kang and Chen, Liqiong},
  journal={Scientific Programming},
  volume={2019},
  year={2019},
  publisher={Hindawi}
}

@article{liang2019seml,
  title={Seml: A Semantic LSTM Model for Software Defect Prediction},
  author={Liang, Hongliang and Yu, Yue and Jiang, Lin and Xie, Zhuosi},
  journal={IEEE Access},
  volume={7},
  pages={83812--83824},
  year={2019},
  publisher={IEEE}
}

@article{allamanis2018survey,
  title={A survey of machine learning for big code and naturalness},
  author={Allamanis, Miltiadis and Barr, Earl T and Devanbu, Premkumar and Sutton, Charles},
  journal={ACM Computing Surveys (CSUR)},
  volume={51},
  number={4},
  pages={81},
  year={2018},
  publisher={ACM}
}

